@article{DesignReport,
  title={The pierre auger observatory upgrade-preliminary design report},
  author={Aab, Alexander and Abreu, P and Aglietta, MARCO and Ahn, EJ and Samarai, I Al and Albuquerque, IFM and Allekotte, I and Allison, P and Almela, A and Castillo, J Alvarez and others},
  journal={arXiv preprint arXiv:1604.03637},
  year={2016}
}

@misc{AugerTimeline,
  title={Timeline of the Pierre Auger Observatory},
  year={2022},
  howpublished={\url{https://auger.org/observatory/timeline-observatory}},
  note={Accessed: 04th Oct. 2022}
}


@misc{nobelprize1936,
  title={Press release},
  year={1936},
  author={Nobel Media AB},
  howpublished = {\url{https://www.nobelprize.org/prizes/physics/1936/summary/}},
  note = {Accessed: 18th Jul. 2022}
}

@article{auger1939extensive,
  title={Extensive cosmic-ray showers},
  author={Auger, Pierre and Ehrenfest, Paul and Maze, Roland and Daudin, Jean and Fr{\'e}on, Robley A},
  journal={Reviews of modern physics},
  volume={11},
  number={3-4},
  pages={288},
  year={1939},
  publisher={APS}
}

@article{johnson1938note,
  title={A note on the nature of the primary cosmic radiation},
  author={Johnson, Thomas H},
  journal={Physical Review},
  volume={54},
  number={5},
  pages={385},
  year={1938},
  publisher={APS}
}

@article{millikan1928origin,
  title={The origin of the cosmic rays},
  author={Millikan, Robert A and Cameron, G Harvey},
  journal={Physical review},
  volume={32},
  number={4},
  pages={533},
  year={1928},
  publisher={APS}
}

@misc{AugerArray,
  title={Auger array},
  year={2021},
  author={Darko Veberi\v{c}},
  howpublished = {\url{https://web.ikp.kit.edu/darko/auger/auger-array/auger_array-pdf/auger_array-ad.pdf}},
  note = {Accessed: 19th Jul. 2022}
}

@article{FDReconstruction,
  title={The fluorescence detector of the Pierre Auger Observatory},
  author={Abraham, Jorge and Abreu, P and Aglietta, M and Aguirre, C and Ahn, EJ and Allard, D and Allekotte, I and Allen, J and Allison, P and Alvarez-Muniz, J and others},
  journal={Nuclear Instruments and Methods in Physics Research Section A: Accelerators, Spectrometers, Detectors and Associated Equipment},
  volume={620},
  number={2-3},
  pages={227--251},
  year={2010},
  publisher={Elsevier}
}

@article{SDReconstruction,
  title={Reconstruction of events recorded with the surface detector of the Pierre Auger Observatory},
  author={Aab, Alexander and Abreu, Pedro and Aglietta, Marco and Albury, Justin M and Allekotte, Ingomar and Almela, Alejandro and Castillo, J Alvarez and Alvarez-Mu{\~n}iz, Jaime and Batista, R Alves and Anastasi, Gioacchino Alex and others},
  journal={Journal of Instrumentation},
  volume={15},
  number={10},
  pages={P10021},
  year={2020},
  publisher={IOP Publishing}
}

@inproceedings{AugerPrime,
  title={AugerPrime: the Pierre Auger observatory upgrade},
  author={Castellina, Antonella},
  booktitle={EPJ Web of Conferences},
  volume={210},
  pages={06002},
  year={2019},
  organization={EDP Sciences}
}

@inproceedings{horandel2019precision,
  title={Precision measurements of cosmic rays up to the highest energies with a large radio array at the Pierre Auger Observatory},
  author={Hörandel, Jörg R},
  booktitle={EPJ Web of Conferences},
  volume={210},
  pages={06005},
  year={2019},
  organization={EDP Sciences}
}

@article{bertou2006calibration,
  title={Calibration of the surface array of the Pierre Auger Observatory},
  author={Bertou, Xavier and Allison, PS and Bonifazi, C and Bauleo, P and Grunfeld, Christian Mart{\'\i}n and Aglietta, M and Arneodo, F and Barnhill, D and Beatty, JJ and Busca, NG and others},
  journal={Nuclear Instruments and Methods in Physics Research Section A: Accelerators, Spectrometers, Detectors and Associated Equipment},
  volume={568},
  number={2},
  pages={839--846},
  year={2006},
  publisher={Elsevier}
}

@unpublished{tobiasBaseline,
  title={New Baseline Algorithm for UB Traces},  
  author={Schulz, Tobias and Roth, Markus and Schmidt, David and Veberi\v{c}, Darko},
  note={GAP 2022-045},
  month={September},
  year={2022}
}
